<collection xmlns="http://www.loc.gov/MARC21/slim">
   <record>
      <leader>04292nam a2200733 i 4500</leader>
      <controlfield tag="001">6759812</controlfield>
      <controlfield tag="003">CaPaEBR</controlfield>
      <controlfield tag="006">m     o  d        </controlfield>
      <controlfield tag="007">cr cn|||||||||</controlfield>
      <controlfield tag="008">141107t20152015enkad   ob    001 0 eng d</controlfield>
      <datafield ind1=" " ind2=" " tag="020">
         <subfield code="z">9781118522691</subfield>
      </datafield>
      <datafield ind1=" " ind2=" " tag="020">
         <subfield code="a">9781118522684 (e-book)</subfield>
      </datafield>
      <datafield ind1=" " ind2=" " tag="035">
         <subfield code="a">ocn899570776</subfield>
      </datafield>
      <datafield ind1=" " ind2=" " tag="039">
         <subfield code="a">exclude</subfield>
      </datafield>
      <datafield ind1=" " ind2=" " tag="040">
         <subfield code="a">CaPaEBR</subfield>
         <subfield code="b">eng</subfield>
         <subfield code="e">rda</subfield>
         <subfield code="e">pn</subfield>
         <subfield code="c">CaPaEBR</subfield>
         <subfield code="d">AEU</subfield>
      </datafield>
      <datafield ind1="1" ind2="4" tag="050">
         <subfield code="a">TP371.44</subfield>
         <subfield code="b">.H357 2015eb</subfield>
      </datafield>
      <datafield ind1="0" ind2="4" tag="082">
         <subfield code="a">664/.024</subfield>
         <subfield code="2">23</subfield>
      </datafield>
      <datafield ind1=" " ind2=" " tag="090">
         <subfield code="a">Internet Access</subfield>
         <subfield code="b">AEVC</subfield>
      </datafield>
      <datafield ind1=" " ind2=" " tag="090">
         <subfield code="a">Internet Access</subfield>
         <subfield code="b">AOAC</subfield>
      </datafield>
      <datafield ind1=" " ind2=" " tag="090">
         <subfield code="a">Internet Access</subfield>
         <subfield code="b">AEC</subfield>
      </datafield>
      <datafield ind1=" " ind2=" " tag="090">
         <subfield code="a">Internet Access</subfield>
         <subfield code="b">AGPC</subfield>
      </datafield>
      <datafield ind1=" " ind2=" " tag="090">
         <subfield code="a">Internet Access</subfield>
         <subfield code="b">AEGMCT</subfield>
      </datafield>
      <datafield ind1=" " ind2=" " tag="090">
         <subfield code="a">Internet Access</subfield>
         <subfield code="b">ARDC</subfield>
      </datafield>
      <datafield ind1=" " ind2=" " tag="090">
         <subfield code="a">Internet Access</subfield>
         <subfield code="b">AEU</subfield>
      </datafield>
      <datafield ind1="0" ind2="0" tag="245">
         <subfield code="a">Handbook of fermented meat and poultry /</subfield>
         <subfield code="c">editor-in-chief Fidel Todrá ; consulting editor Y. H. Hui ; associate editors Iciar Astiasarán, Joseph G. Sebranek, Règine Talon.</subfield>
      </datafield>
      <datafield ind1=" " ind2=" " tag="250">
         <subfield code="a">Second edition.</subfield>
      </datafield>
      <datafield ind1=" " ind2="1" tag="264">
         <subfield code="a">West Sussex, England :</subfield>
         <subfield code="b">John Wiley &amp; Sons Ltd,</subfield>
         <subfield code="c">2015.</subfield>
      </datafield>
      <datafield ind1=" " ind2="4" tag="264">
         <subfield code="c">©2015</subfield>
      </datafield>
      <datafield ind1=" " ind2=" " tag="300">
         <subfield code="a">1 online resource (534 pages) :</subfield>
         <subfield code="b">illustrations, charts</subfield>
      </datafield>
      <datafield ind1=" " ind2=" " tag="336">
         <subfield code="a">text</subfield>
         <subfield code="2">rdacontent</subfield>
         <subfield code="0">http://id.loc.gov/vocabulary/contentTypes/txt</subfield>
      </datafield>
      <datafield ind1=" " ind2=" " tag="337">
         <subfield code="a">computer</subfield>
         <subfield code="b">c</subfield>
         <subfield code="2">rdamedia</subfield>
         <subfield code="0">http://id.loc.gov/vocabulary/mediaTypes/c</subfield>
      </datafield>
      <datafield ind1=" " ind2=" " tag="338">
         <subfield code="a">online resource</subfield>
         <subfield code="b">cr</subfield>
         <subfield code="2">rdacarrier</subfield>
         <subfield code="0">http://id.loc.gov/vocabulary/carriers/cr</subfield>
      </datafield>
      <datafield ind1=" " ind2=" " tag="504">
         <subfield code="a">Includes bibliographical references and index.</subfield>
      </datafield>
      <datafield ind1=" " ind2=" " tag="506">
         <subfield code="a">Access restricted to authorized users and institutions.</subfield>
      </datafield>
      <datafield ind1=" " ind2=" " tag="588">
         <subfield code="a">Description based on print version record.</subfield>
      </datafield>
      <datafield ind1=" " ind2=" " tag="596">
         <subfield code="a">3 21 33 35 44 57 60</subfield>
      </datafield>
      <datafield ind1=" " ind2="0" tag="650">
         <subfield code="a">Fermented foods</subfield>
         <subfield code="v">Handbooks, manuals, etc.</subfield>
      </datafield>
      <datafield ind1=" " ind2="0" tag="650">
         <subfield code="a">Meat</subfield>
         <subfield code="x">Preservation</subfield>
         <subfield code="v">Handbooks, manuals, etc.</subfield>
      </datafield>
      <datafield ind1=" " ind2="0" tag="650">
         <subfield code="a">Fermentation</subfield>
         <subfield code="v">Handbooks, manuals, etc.</subfield>
      </datafield>
      <datafield ind1="1" ind2=" " tag="700">
         <subfield code="a">Todrá, Fidel,</subfield>
         <subfield code="e">editor.</subfield>
      </datafield>
      <datafield ind1="1" ind2=" " tag="700">
         <subfield code="a">Hui, Y. H.,</subfield>
         <subfield code="e">editor.</subfield>
         <subfield code="0">http://viaf.org/viaf/83356</subfield>
      </datafield>
      <datafield ind1="1" ind2=" " tag="700">
         <subfield code="a">Astiasarán, Iciar,</subfield>
         <subfield code="e">editor.</subfield>
      </datafield>
      <datafield ind1="1" ind2=" " tag="700">
         <subfield code="a">Sebranek, Joseph G.,</subfield>
         <subfield code="e">editor.</subfield>
         <subfield code="0">http://viaf.org/viaf/31146284348515331013</subfield>
      </datafield>
      <datafield ind1="1" ind2=" " tag="700">
         <subfield code="a">Talon, Régine,</subfield>
         <subfield code="e">editor.</subfield>
         <subfield code="0">http://id.loc.gov/authorities/names/n89672100</subfield>
      </datafield>
      <datafield ind1=" " ind2=" " tag="758">
         <subfield code="0">http://worldcat.org/entity/work/id/21359150</subfield>
      </datafield>
      <datafield ind1="0" ind2=" " tag="787">
         <subfield code="n">OCLC Work Id</subfield>
         <subfield code="o">http://worldcat.org/entity/work/id/21359150</subfield>
      </datafield>
      <datafield ind1="4" ind2="0" tag="856">
         <subfield code="3">Olds College Access</subfield>
         <subfield code="u">http://site.ebrary.com/lib/oldscollege/Doc?id=10960905</subfield>
         <subfield code="z">from ebrary College Complete</subfield>
      </datafield>
      <datafield ind1="4" ind2="0" tag="856">
         <subfield code="3">NorQuest College Access</subfield>
         <subfield code="u">http://site.ebrary.com/lib/norquest/Doc?id=10960905</subfield>
         <subfield code="z">from ebrary College Complete</subfield>
      </datafield>
      <datafield ind1="4" ind2="0" tag="856">
         <subfield code="3">Concordia University of Edmonton Access</subfield>
         <subfield code="u">http://site.ebrary.com/lib/concordiaab/Doc?id=10960905</subfield>
         <subfield code="z">(Unlimited Concurrent Users)</subfield>
         <subfield code="z">from ebrary Academic Complete</subfield>
      </datafield>
      <datafield ind1="4" ind2="0" tag="856">
         <subfield code="3">Grande Prairie Regional College Access</subfield>
         <subfield code="u">http://ezproxy.agpc.talonline.ca:80/login?url=http://site.ebrary.com/lib/gprc/Doc?id=10960905</subfield>
         <subfield code="z">(Unlimited Concurrent Users)</subfield>
         <subfield code="z">from ebrary Academic Complete</subfield>
      </datafield>
      <datafield ind1="4" ind2="0" tag="856">
         <subfield code="3">MacEwan University Access</subfield>
         <subfield code="u">http://site.ebrary.com/lib/macewan/Doc?id=10960905</subfield>
         <subfield code="z">(Unlimited Concurrent Users)</subfield>
         <subfield code="z">from ebrary Academic Complete</subfield>
      </datafield>
      <datafield ind1="4" ind2="0" tag="856">
         <subfield code="3">Red Deer College Access</subfield>
         <subfield code="u">http://site.ebrary.com/lib/rdcollege/Doc?id=10960905</subfield>
         <subfield code="z">(Unlimited Concurrent Users)</subfield>
         <subfield code="z">from ebrary Academic Complete</subfield>
      </datafield>
      <datafield ind1="4" ind2="0" tag="856">
         <subfield code="3">University of Alberta Access</subfield>
         <subfield code="u">http://dx.doi.org/10.1002/9781118522653</subfield>
         <subfield code="z">(Unlimited Concurrent Users)</subfield>
      </datafield>
      <datafield ind1=" " ind2=" " tag="949">
         <subfield code="h">UAIN</subfield>
         <subfield code="m">NORQ_MAIN</subfield>
         <subfield code="z">EBRARYCCNQ</subfield>
      </datafield>
      <datafield ind1=" " ind2=" " tag="949">
         <subfield code="h">UAIN</subfield>
         <subfield code="m">OLDS</subfield>
         <subfield code="z">EBRARYCCOL</subfield>
      </datafield>
      <datafield ind1=" " ind2=" " tag="919">
         <subfield code="a">ebr10960905</subfield>
      </datafield>
      <datafield ind1=" " ind2=" " tag="919">
         <subfield code="a">ebr10960905</subfield>
      </datafield>
      <datafield ind1=" " ind2=" " tag="926">
         <subfield code="a">Internet Access</subfield>
         <subfield code="w">LC</subfield>
         <subfield code="c">1</subfield>
         <subfield code="i">6759812-1001</subfield>
         <subfield code="l">INTERNET</subfield>
         <subfield code="m">UAINTERNET</subfield>
         <subfield code="r">Y</subfield>
         <subfield code="s">Y</subfield>
         <subfield code="t">E-RESOURCE</subfield>
         <subfield code="u">12/18/2014</subfield>
         <subfield code="x">E-BOOK</subfield>
         <subfield code="z">WILEYOL</subfield>
      </datafield>
      <datafield ind1=" " ind2=" " tag="926">
         <subfield code="a">Internet Access</subfield>
         <subfield code="w">LC</subfield>
         <subfield code="c">1</subfield>
         <subfield code="i">6759812-2001</subfield>
         <subfield code="k">DISCARD</subfield>
         <subfield code="l">INTERNET</subfield>
         <subfield code="m">CONCORDIA</subfield>
         <subfield code="r">Y</subfield>
         <subfield code="s">Y</subfield>
         <subfield code="t">E-RESOURCE</subfield>
         <subfield code="u">6/27/2016</subfield>
         <subfield code="x">E-BOOK</subfield>
         <subfield code="z">EBRARYACCN</subfield>
      </datafield>
      <datafield ind1=" " ind2=" " tag="926">
         <subfield code="a">Internet Access</subfield>
         <subfield code="w">LC</subfield>
         <subfield code="c">1</subfield>
         <subfield code="i">6759812-3001</subfield>
         <subfield code="k">DISCARD</subfield>
         <subfield code="l">INTERNET</subfield>
         <subfield code="m">GPRC_INT</subfield>
         <subfield code="r">Y</subfield>
         <subfield code="s">Y</subfield>
         <subfield code="t">E-RESOURCE</subfield>
         <subfield code="u">6/27/2016</subfield>
         <subfield code="x">E-BOOK</subfield>
         <subfield code="z">EBRARYACGP</subfield>
      </datafield>
      <datafield ind1=" " ind2=" " tag="926">
         <subfield code="a">Internet Access</subfield>
         <subfield code="w">LC</subfield>
         <subfield code="c">1</subfield>
         <subfield code="i">6759812-4001</subfield>
         <subfield code="k">DISCARD</subfield>
         <subfield code="l">INTERNET</subfield>
         <subfield code="m">GR_MAC_INT</subfield>
         <subfield code="r">Y</subfield>
         <subfield code="s">Y</subfield>
         <subfield code="t">E-RESOURCE</subfield>
         <subfield code="u">6/27/2016</subfield>
         <subfield code="x">E-BOOK</subfield>
         <subfield code="z">EBRARYACGM</subfield>
      </datafield>
      <datafield ind1=" " ind2=" " tag="926">
         <subfield code="a">Internet Access</subfield>
         <subfield code="w">LC</subfield>
         <subfield code="c">1</subfield>
         <subfield code="i">6759812-5001</subfield>
         <subfield code="k">DISCARD</subfield>
         <subfield code="l">INTERNET</subfield>
         <subfield code="m">RED_DEER_C</subfield>
         <subfield code="r">Y</subfield>
         <subfield code="s">Y</subfield>
         <subfield code="t">E-RESOURCE</subfield>
         <subfield code="u">6/27/2016</subfield>
         <subfield code="x">E-BOOK</subfield>
         <subfield code="z">EBRARYACRD</subfield>
      </datafield>
      <datafield ind1=" " ind2=" " tag="926">
         <subfield code="a">Internet Access</subfield>
         <subfield code="w">LC</subfield>
         <subfield code="c">1</subfield>
         <subfield code="i">6759812-6001</subfield>
         <subfield code="k">DISCARD</subfield>
         <subfield code="l">INTERNET</subfield>
         <subfield code="m">NORQ_MAIN</subfield>
         <subfield code="r">Y</subfield>
         <subfield code="s">Y</subfield>
         <subfield code="t">E-RESOURCE</subfield>
         <subfield code="u">6/27/2016</subfield>
         <subfield code="x">E-BOOK</subfield>
         <subfield code="z">EBRARYCCNQ</subfield>
      </datafield>
      <datafield ind1=" " ind2=" " tag="926">
         <subfield code="a">Internet Access</subfield>
         <subfield code="w">LC</subfield>
         <subfield code="c">1</subfield>
         <subfield code="i">6759812-7001</subfield>
         <subfield code="k">DISCARD</subfield>
         <subfield code="l">INTERNET</subfield>
         <subfield code="m">OLDS</subfield>
         <subfield code="r">Y</subfield>
         <subfield code="s">Y</subfield>
         <subfield code="t">E-RESOURCE</subfield>
         <subfield code="u">6/27/2016</subfield>
         <subfield code="x">E-BOOK</subfield>
         <subfield code="z">EBRARYCCOL</subfield>
      </datafield>
   </record>
</collection>
